<record><leader>00000cas a22000007a 4500</leader><controlfield tag="001">15307567</controlfield><controlfield tag="008">870312d18841965iauwr ne      0    0eng d</controlfield><datafield ind1=" " ind2=" " tag="010"><subfield code="a">sn 87057085 </subfield></datafield><datafield ind1=" " ind2=" " tag="040"><subfield code="a">INP</subfield><subfield code="b">eng</subfield><subfield code="c">INP</subfield><subfield code="d">OCLCQ</subfield></datafield><datafield ind1=" " ind2=" " tag="042"><subfield code="a">msc</subfield></datafield><datafield ind1="0" ind2=" " tag="130"><subfield code="a">Times-Republican (Corydon, Iowa : 1884)</subfield></datafield><datafield ind1="1" ind2="0" tag="245"><subfield code="a">Times-Republican.</subfield></datafield><datafield ind1="1" ind2="3" tag="246"><subfield code="a">Times-Republican and Wayne County Democrat</subfield><subfield code="f">Jan. 7-21, 1926</subfield></datafield><datafield ind1=" " ind2=" " tag="260"><subfield code="a">Corydon, Wayne County, Iowa :</subfield><subfield code="b">Littell &amp; LeCompte,</subfield><subfield code="c">-1965.</subfield></datafield><datafield ind1=" " ind2=" " tag="300"><subfield code="a">v. :</subfield><subfield code="b">ill.</subfield></datafield><datafield ind1=" " ind2=" " tag="310"><subfield code="a">Weekly,</subfield><subfield code="b">Jan. 12, 1911-1965</subfield></datafield><datafield ind1=" " ind2=" " tag="321"><subfield code="a">Weekly,</subfield><subfield code="b">&lt;Dec. 29, 1887&gt;-Dec. 7, 1905</subfield></datafield><datafield ind1=" " ind2=" " tag="321"><subfield code="a">Semiweekly,</subfield><subfield code="b">Dec. 12, 1905-Jan. 3, 1911</subfield></datafield><datafield ind1="1" ind2=" " tag="362"><subfield code="a">Began in Dec. 1884.</subfield><subfield code="z">Cf. Bibl. of Iowa newspapers.</subfield></datafield><datafield ind1="0" ind2=" " tag="362"><subfield code="a">-v. 93, no. 25 (July 29, 1965).</subfield></datafield><datafield ind1=" " ind2=" " tag="500"><subfield code="a">Publisher varies.</subfield></datafield><datafield ind1=" " ind2=" " tag="588"><subfield code="a">Description based on: Vol. 16, no. 16 (Dec. 29, 1887).</subfield></datafield><datafield ind1=" " ind2=" " tag="752"><subfield code="a">United States</subfield><subfield code="b">Iowa</subfield><subfield code="c">Wayne</subfield><subfield code="d">Corydon.</subfield></datafield><datafield ind1="0" ind2="4" tag="780"><subfield code="t">Wayne County Republican</subfield><subfield code="w">(DLC)sn 84027089</subfield></datafield><datafield ind1="0" ind2="4" tag="780"><subfield code="t">Corydon times</subfield><subfield code="w">(DLC)sn 84037984</subfield></datafield><datafield ind1="0" ind2="5" tag="780"><subfield code="t">Wayne County Democrat (Corydon, Iowa : 1902)</subfield><subfield code="w">(DLC)sn 86061201</subfield><subfield code="g">Jan. 7, 1926</subfield></datafield><datafield ind1="0" ind2="5" tag="780"><subfield code="t">Allerton news</subfield><subfield code="w">(DLC)sn 87057080</subfield></datafield><datafield ind1="0" ind2="0" tag="785"><subfield code="t">Times-Republican, Wayne County Democrat</subfield><subfield code="w">(DLC)sn 87057086</subfield></datafield></record>